<record><leader>00000cas a22000007a 4500</leader><controlfield tag="001">8800165</controlfield><controlfield tag="008">820923d18561899ctuwr ne      0    0eng  </controlfield><controlfield tag="009">466</controlfield><datafield ind1=" " ind2=" " tag="010"><subfield code="a">sn 82014804 </subfield></datafield><datafield ind1=" " ind2=" " tag="040"><subfield code="a">DLC</subfield><subfield code="b">eng</subfield><subfield code="c">DLC</subfield><subfield code="d">NPX</subfield><subfield code="d">NPU</subfield><subfield code="d">DLC</subfield><subfield code="d">CNW</subfield><subfield code="d">OCL</subfield><subfield code="d">OCLCG</subfield><subfield code="d">KRTAS</subfield><subfield code="d">OCLCO</subfield><subfield code="d">OCLCA</subfield><subfield code="d">OCLCF</subfield></datafield><datafield ind1="1" ind2=" " tag="029"><subfield code="a">AU@</subfield><subfield code="b">000020225172</subfield></datafield><datafield ind1=" " ind2=" " tag="042"><subfield code="a">msc</subfield></datafield><datafield ind1="0" ind2="0" tag="050"><subfield code="a">Newspaper 7225-X</subfield></datafield><datafield ind1="0" ind2="0" tag="245"><subfield code="a">New Haven weekly palladium.</subfield></datafield><datafield ind1="1" ind2="3" tag="246"><subfield code="a">New Haven palladium</subfield></datafield><datafield ind1=" " ind2=" " tag="260"><subfield code="a">New Haven, Conn. :</subfield><subfield code="b">Babcock &amp; Sizer,</subfield></datafield><datafield ind1=" " ind2=" " tag="300"><subfield code="a">v. ;</subfield><subfield code="c">68-76 cm.</subfield></datafield><datafield ind1=" " ind2=" " tag="310"><subfield code="a">Weekly</subfield></datafield><datafield ind1="0" ind2=" " tag="362"><subfield code="a">Vol. 27, no. 42 (July 19, 1856)-Aug. 17, 1899.</subfield></datafield><datafield ind1=" " ind2=" " tag="500"><subfield code="a">"Weekly" appears in title ornament, &lt;1873, 1876&gt;.</subfield></datafield><datafield ind1=" " ind2=" " tag="500"><subfield code="a">Publishers: Babcock, Sizer &amp; Co., &lt;1860-1862&gt;; C. Northrop, &lt;1862&gt;; Sizer &amp; Northrop, &lt;1863&gt;; F. Sizer &amp; Co., &lt;1864&gt;; The Palladium Co., &lt;1865-1866&gt;; A. Train &amp; Co., &lt;1867&gt;; A. Train, &lt;1868-1872&gt;; A. Train &amp; Co., &lt;1872-1873&gt;; Palladium Publishing Co., &lt;1873-1876&gt;.</subfield></datafield><datafield ind1=" " ind2=" " tag="500"><subfield code="a">Republican. Cf. Ayer, 1910.</subfield></datafield><datafield ind1=" " ind2=" " tag="500"><subfield code="a">Editors: J. Babcock, F. Sizer, &lt;1857&gt;; C. Northrop, 1862.</subfield></datafield><datafield ind1=" " ind2=" " tag="580"><subfield code="a">Triweekly ed: New Haven daily palladium (New Haven, Conn. : 1846), 1857-&lt;Sept. 2/3, 1862&gt;.</subfield></datafield><datafield ind1=" " ind2=" " tag="580"><subfield code="a">Daily eds.: New Haven daily palladium (New Haven, Conn. : 1841), 1857-&lt;July 1859&gt;, and: Daily palladium (New Haven, Conn. : 1859), &lt;July 27, 1859&gt;-Feb. 3, 1863, and: New Haven daily palladium (New Haven, Conn. : 1863), Feb. 4, 1863-18uu.</subfield></datafield><datafield ind1=" " ind2="0" tag="651"><subfield code="a">New Haven (Conn.)</subfield><subfield code="v">Newspapers.</subfield></datafield><datafield ind1=" " ind2="7" tag="655"><subfield code="a">Newspapers.</subfield><subfield code="2">fast</subfield><subfield code="0">(OCoLC)fst01423814</subfield></datafield><datafield ind1=" " ind2="7" tag="651"><subfield code="a">Connecticut</subfield><subfield code="z">New Haven.</subfield><subfield code="2">fast</subfield><subfield code="0">(OCoLC)fst01206280</subfield></datafield><datafield ind1="1" ind2=" " tag="700"><subfield code="a">Babcock, James F.</subfield><subfield code="q">(James Fairchild),</subfield><subfield code="d">1809-1874.</subfield></datafield><datafield ind1="1" ind2=" " tag="700"><subfield code="a">Sizer, F. W. J.</subfield></datafield><datafield ind1="1" ind2=" " tag="700"><subfield code="a">Northrop, Cyrus,</subfield><subfield code="d">1834-1922.</subfield></datafield><datafield ind1=" " ind2=" " tag="752"><subfield code="a">United States</subfield><subfield code="b">Connecticut</subfield><subfield code="c">New Haven</subfield><subfield code="d">New Haven.</subfield></datafield><datafield ind1="1" ind2=" " tag="775"><subfield code="t">New Haven daily palladium (New Haven, Conn. : 1841)</subfield><subfield code="w">(DLC)sn 82006804</subfield><subfield code="w">(OCoLC)8777203</subfield></datafield><datafield ind1="0" ind2=" " tag="775"><subfield code="t">New Haven daily palladium (New Haven, Conn. : 1841)</subfield><subfield code="w">(DLC)sn 82006804</subfield><subfield code="w">(OCoLC)8777203</subfield></datafield><datafield ind1="1" ind2=" " tag="775"><subfield code="t">Daily palladium (New Haven, Conn. : 1859)</subfield><subfield code="w">(DLC)sn 82006815</subfield><subfield code="w">(OCoLC)8777146</subfield></datafield><datafield ind1="1" ind2=" " tag="775"><subfield code="t">New Haven daily palladium (New Haven, Conn. : 1863)</subfield><subfield code="w">(DLC)sn 82006803</subfield><subfield code="w">(OCoLC)8780241</subfield></datafield><datafield ind1="1" ind2=" " tag="775"><subfield code="t">New Haven daily palladium (New Haven, Conn. : 1846)</subfield><subfield code="w">(DLC)sn 92051616</subfield></datafield><datafield ind1="0" ind2="0" tag="780"><subfield code="t">New Haven palladium (New Haven, Conn. : 1835)</subfield><subfield code="w">(DLC)sn 82006776</subfield><subfield code="w">(OCoLC)8766327</subfield></datafield><datafield ind1="0" ind2="0" tag="785"><subfield code="t">Weekly palladium (New Haven, Conn.)</subfield><subfield code="w">(DLC)sn 92051609</subfield><subfield code="w">(OCoLC)27189370</subfield></datafield><datafield ind1=" " ind2=" " tag="938"><subfield code="a">Kirtas Technologies, Inc.</subfield><subfield code="b">KRTS</subfield><subfield code="n">736021</subfield></datafield></record>